@article{acaster2015qualitative,
  author    = {Acaster, Sarah and Dickerhoof, Rene and DeBusk, Kendra and Bernard, Kristine and Strauss, William and Allen, Lee F},
  journal   = {Health and quality of life outcomes},
  number    = {1},
  pages     = {1--10},
  publisher = {BioMed Central},
  title     = {Qualitative and quantitative validation of the FACIT-fatigue scale in iron deficiency anemia},
  volume    = {13},
  year      = {2015}
}

@article{butland1982two,
  author    = {Butland, RJ and Pang, JACK and Gross, ER and Woodcock, AA and Geddes, DM},
  journal   = {British medical journal (Clinical research ed.)},
  number    = {6329},
  pages     = {1607},
  publisher = {BMJ Publishing Group},
  title     = {Two-, six-, and 12-minute walking tests in respiratory disease.},
  volume    = {284},
  year      = {1982}
}

@article{buvcar2016six,
  author    = {Bu{\v{c}}ar Pajek, Maja and {\v{C}}uk, Ivan and Lesko{\v{s}}ek, Bojan and Mlin{\v{s}}ek, Gregor and Buturovi{\'c} Ponikvar, Jadranka and Pajek, Jernej},
  journal   = {PloS one},
  number    = {3},
  pages     = {e0150414},
  publisher = {Public Library of Science San Francisco, CA USA},
  title     = {Six-minute walk test in renal failure patients: representative results, performance analysis and perceived dyspnea predictors},
  volume    = {11},
  year      = {2016}
}


@book{carpenter2012multiple,
  author    = {Carpenter, James and Kenward, Michael},
  publisher = {John Wiley \& Sons},
  title     = {Multiple imputation and its application},
  year      = {2012}
}

@article{cella2002fatigue,
  author    = {Cella, David and Lai, Jin-shei and Chang, Chih-Hung and Peterman, Amy and Slavin, Mitchell},
  journal   = {Cancer},
  number    = {2},
  pages     = {528--538},
  publisher = {Wiley Online Library},
  title     = {Fatigue in cancer patients compared with fatigue in the general United States population},
  volume    = {94},
  year      = {2002}
}

@article{cella2019promis,
  author    = {Cella, David and Choi, Seung W and Condon, David M and Schalet, Ben and Hays, Ron D and Rothrock, Nan E and Yount, Susan and Cook, Karon F and Gershon, Richard C and Amtmann, Dagmar and others},
  journal   = {Value in health},
  keywords  = {PROMIS},
  number    = {5},
  pages     = {537--544},
  publisher = {Elsevier},
  title     = {PROMIS{\textregistered} adult health profiles: efficient short-form measures of seven health domains},
  volume    = {22},
  year      = {2019}
}

@book{devlin2020methods,
  author    = {Devlin, Nancy and Parkin, David and Janssen, Bas},
  publisher = {Springer Nature},
  title     = {Methods for analysing and reporting EQ-5D data},
  year      = {2020}
}

@article{fried2001frailty,
  author    = {Fried, Linda P and Tangen, Catherine M and Walston, Jeremy and Newman, Anne B and Hirsch, Calvin and Gottdiener, John and Seeman, Teresa and Tracy, Russell and Kop, Willem J and Burke, Gregory and others},
  journal   = {The Journals of Gerontology Series A: Biological Sciences and Medical Sciences},
  number    = {3},
  pages     = {M146--M157},
  publisher = {Oxford University Press},
  title     = {Frailty in older adults: evidence for a phenotype},
  volume    = {56},
  year      = {2001}
}

@article{glynn2015pittsburgh,
  author    = {Glynn, Nancy W and Santanasto, Adam J and Simonsick, Eleanor M and Boudreau, Robert M and Beach, Scott R and Schulz, Richard and Newman, Anne B},
  journal   = {Journal of the American Geriatrics Society},
  number    = {1},
  pages     = {130--135},
  publisher = {Wiley Online Library},
  title     = {The Pittsburgh Fatigability scale for older adults: development and validation},
  volume    = {63},
  year      = {2015}
}

@article{het2015fried,
  author    = {het Veld, Linda PM Op and van Rossum, Erik and Kempen, Gertrudis IJM and de Vet, Henrica CW and Hajema, KlaasJan and Beurskens, Anna JHM},
  journal   = {BMC geriatrics},
  number    = {1},
  pages     = {1--11},
  publisher = {Springer},
  title     = {Fried phenotype of frailty: cross-sectional comparison of three frailty stages on various health domains},
  volume    = {15},
  year      = {2015}
}

@article{jones199930,
  author    = {Jones, C Jessie and Rikli, Roberta E and Beam, William C},
  journal   = {Research quarterly for exercise and sport},
  keywords  = {30SST},
  number    = {2},
  pages     = {113--119},
  publisher = {Taylor \& Francis},
  title     = {A 30-s chair-stand test as a measure of lower body strength in community-residing older adults},
  volume    = {70},
  year      = {1999}
}

@article{ju2018establishing,
  author    = {Ju, Angela and Unruh, Mark and Davison, Sara and Dapueto, Juan and Dew, Mary Amanda and Fluck, Richard and Germain, Michael and Jassal, Sarbjit V and Obrador, Gregorio and O’Donoghue, Donal and others},
  journal   = {American Journal of Kidney Diseases},
  keywords  = {SONG-HD-Fatigue},
  number    = {1},
  pages     = {104--112},
  publisher = {Elsevier},
  title     = {Establishing a core outcome measure for fatigue in patients on hemodialysis: a Standardized Outcomes in Nephrology--Hemodialysis (SONG-HD) consensus workshop report},
  volume    = {72},
  year      = {2018}
}

@article{liu2017predicting,
  author    = {Liu, Chiung-ju and Marie, Deana and Fredrick, Aaron and Bertram, Jessica and Utley, Kristen and Fess, Elaine Ewing},
  journal   = {Aging clinical and experimental research},
  number    = {4},
  pages     = {753--760},
  publisher = {Springer},
  title     = {Predicting hand function in older adults: evaluations of grip strength, arm curl strength, and manual dexterity},
  volume    = {29},
  year      = {2017}
}

@article{macfarlane2006validity,
  author    = {Macfarlane, DJ and Chou, Kee Lee and Cheng, YH and Chi, I},
  journal   = {American Journal of Human Biology: The Official Journal of the Human Biology Association},
  keywords  = {30SST},
  number    = {3},
  pages     = {418--421},
  publisher = {Wiley Online Library},
  title     = {Validity and normative data for thirty-second chair stand test in elderly community-dwelling Hong Kong Chinese},
  volume    = {18},
  year      = {2006}
}

@article{montan2018general,
  author    = {Montan, Inka and L{\"o}we, Bernd and Cella, David and Mehnert, Anja and Hinz, Andreas},
  journal   = {Value in Health},
  number    = {11},
  pages     = {1313--1321},
  publisher = {Elsevier},
  title     = {General population norms for the functional assessment of chronic illness therapy (FACIT)-fatigue scale},
  volume    = {21},
  year      = {2018}
}

@article{podsiadlo1991timed,
  author    = {Podsiadlo, Diane and Richardson, Sandra},
  journal   = {Journal of the American geriatrics Society},
  keywowrds = {TUG},
  number    = {2},
  pages     = {142--148},
  publisher = {Wiley Online Library},
  title     = {The timed “Up \& Go”: a test of basic functional mobility for frail elderly persons},
  volume    = {39},
  year      = {1991}
}

@manual{Req5d,
  author = {Fraser Morton and Jagtar Singh Nijjar},
  note   = {R package version 0.10.1},
  title  = {eq5d: Methods for Analysing 'EQ-5D' Data and Calculating 'EQ-5D' Index Scores},
  url    = {https://CRAN.R-project.org/package=eq5d},
  year   = {2021}
}


@article{rikli1999development,
  author    = {Rikli, Roberta E and Jones, C Jessie},
  journal   = {Journal of aging and physical activity},
  keywords  = {30SST},
  number    = {2},
  pages     = {129--161},
  publisher = {Human Kinetics, Inc.},
  title     = {Development and validation of a functional fitness test for community-residing older adults},
  volume    = {7},
  year      = {1999}
}

@article{shumway2000predicting,
  author    = {Shumway-Cook, Anne and Brauer, Sandy and Woollacott, Marjorie},
  journal   = {Physical therapy},
  keywowrds = {TUG},
  number    = {9},
  pages     = {896--903},
  publisher = {Oxford University Press},
  title     = {Predicting the probability for falls in community-dwelling older adults using the Timed Up \& Go Test},
  volume    = {80},
  year      = {2000}
}


@article{tinetti1986fall,
  author    = {Tinetti, Mary E and Williams, T Franklin and Mayewski, Raymond},
  journal   = {The American journal of medicine},
  number    = {3},
  pages     = {429--434},
  publisher = {Elsevier},
  title     = {Fall risk index for elderly patients based on number of chronic disabilities},
  volume    = {80},
  year      = {1986}
}

@article{wang2015psychometric,
  author    = {Wang, Si-Yuan and Zang, Xiao-Ying and Liu, Jun-Duo and Gao, Min and Cheng, Mei and Zhao, Yue},
  journal   = {Journal of pain and symptom management},
  number    = {1},
  pages     = {135--143},
  publisher = {Elsevier},
  title     = {Psychometric properties of the Functional Assessment of Chronic Illness Therapy-Fatigue (FACIT-Fatigue) in Chinese patients receiving maintenance dialysis},
  volume    = {49},
  year      = {2015}
}

@article{wyngaert2020associations,
  author    = {Wyngaert, Karsten Vanden and Van Craenenbroeck, Amaryllis H and Eloot, Sunny and Calders, Patrick and Celie, Bert and Holvoet, Els and Van Biesen, Wim},
  journal   = {BMC nephrology},
  number    = {1},
  pages     = {1--10},
  publisher = {BioMed Central},
  title     = {Associations between the measures of physical function, risk of falls and the quality of life in haemodialysis patients: a cross-sectional study},
  volume    = {21},
  year      = {2020}
}

@article{yellen1997measuring,
  author    = {Yellen, Suzanne B and Cella, David F and Webster, Kimberly and Blendowski, Carol and Kaplan, Edward},
  journal   = {Journal of pain and symptom management},
  number    = {2},
  pages     = {63--74},
  publisher = {Elsevier},
  title     = {Measuring fatigue and other anemia-related symptoms with the Functional Assessment of Cancer Therapy (FACT) measurement system},
  volume    = {13},
  year      = {1997}
}

@article{zigmond1983hospital,
  author    = {Zigmond, Anthony S and Snaith, R Philip},
  journal   = {Acta psychiatrica scandinavica},
  number    = {6},
  pages     = {361--370},
  publisher = {Wiley Online Library},
  title     = {The hospital anxiety and depression scale},
  volume    = {67},
  year      = {1983}
}
